@Manual{SASstat,
  author	= {{\proglang{SAS} Institute Inc.}},
  title		= {\pkg{SAS/STAT}$^{\textregistered}$ 9.1 User's Guide},
  year		= {2004},
  address	= {Cary, NC},
  url		= {http://www.sas.com/}
}

@Manual{SASgenetics,
  author	= {{\proglang{SAS} Institute Inc.}},
  title		= {\pkg{SAS/Genetics}$^{\texttrademark}$ 9.1.3 User's Guide},
  year		= {2005},
  address	= {Cary, NC},
  url		= {http://www.sas.com/}
}

@Manual{graphviz,
  author	= {{AT\&T Research Lab}},
  title		= {\pkg{Graphviz} - Graph Visualization Software},
  year		= {2008},
  url		= {http://www.graphviz.org/}
}

@Manual{cat,
    title = {\pkg{cat}: Analysis of Categorical-Variable Datasets with Missing Values},
    author = {Schafer, J. L.},
    year = {1997},
    url = {http://www.stat.psu.edu/\~jls/misoftwa.html}
  }

@Manual{mix,
    title = {\pkg{mix}: Estimation/Multiple Imputation for Mixed Categorical and Continuous Data},
    author = {Schafer, J. L.},
    year = {1997},
    url = {http://www.stat.psu.edu/\~jls/misoftwa.html}
  }

@Manual{norm,
    title = {\pkg{norm}: Analysis of Multivariate Normal Datasets with Missing Values},
    author = {Schafer, J. L.},
    year = {1997},
    url = {http://www.stat.psu.edu/\~jls/misoftwa.html}
  }

@Manual{pan,
    title = {\pkg{pan}: Multiple Imputation for Multivariate Panel or Clustered Data},
    author = {Schafer, J. L.},
    year = {1997},
    url = {http://www.stat.psu.edu/\~jls/misoftwa.html},
  }

@Manual{mice,
    title = {\pkg{mice}: Multivariate Imputation by Chained Equations},
    author = {van Buuren, S. and Oudshoorn, C. G. M.},
    year = {2007},
    url = {http://web.inter.nl.net/users/S.van.Buuren/mi/hmtl/mice.htm}
  }

@Manual{mitools,
    title = {\pkg{mitools}: Tools for Multiple Imputation of Missing Data},
    author = {Lumley, T.},
    year = {2006},
    url = {http://CRAN.R-project.org/}
  }

@Manual{powerpkg,
    title = {\pkg{powerpkg}: Power Analyses for the Affected Sib Pair and the TDT Design},
    author = {Weeks, D. E.},
    year = {2005},
    url = {http://CRAN.R-project.org/}
  }

@Manual{therneau03,
    title = {On Mixed-Effects Cox Models, Sparse Matrices, and Modeling Data from Large Pedigrees},
    author = {Therneau, T.},
    year = {2003},
    url = {http://www.mayo.edu/biostatistics}
  }

@Manual{sinnwell07,
    title = {haplo.stats: Statistical Analysis of Haplotypes with Traits and Covariates when Linkage Phase is Ambiguous},
    author = {Sinnwell, J. P. and Schaid, D. J.},
    year = {2007},
    url = {http://mayoresearch.mayo.edu/mayo/research/schaid_lab/software.cfm},
  }

@ARTICLE{Carey06,
  author = {Carey, V.},
  title = {{SNP} Metadata Access and Use with {Bioconductor}},
  journal = {\proglang{R} News},
  year = 2006,
  volume = 6,
  number = 5,
  pages = {36-39},
  month = {December},
  url = {http://CRAN.R-project.org/doc/Rnews/},
  pdf = {http://CRAN.R-project.org/doc/Rnews/Rnews_2006-5.pdf}
}

@ARTICLE{Durinck06,
  author = {Durinck, S.},
  title = {Integrating Biological Data Resources into \proglang{R} with \pkg{biomaRt}},
  journal = {\proglang{R} News},
  year = 2006,
  volume = 6,
  number = 5,
  pages = {40-45},
  month = {December},
  url = {http://CRAN.R-project.org/doc/Rnews/},
  pdf = {http://CRAN.R-project.org/doc/Rnews/Rnews_2006-5.pdf}
}

@article{aulchenko07,
   Author = {Aulchenko, Y. S. and  Ripke, S. and Isaacs, A. and van Duijn, C. M.},
   Title = {\pkg{GenABEL}: An R Library for Genome-Wide Association Analysis},
   Journal = {Bioinformatics},
   Volume = {23},
   Number = {10},
   Pages = {1294-1296},
   Year = {2007} }

@article{balding06,
   Author = {Balding, D. J.},
   Title = {A Tutorial on Statistical Methods for Population Association Studies},
   Journal = {Nature Reviews Genetics},
   Volume = {7},
   Number = {10},
   Pages = {781-791},
   Year = {2006} }

@article{bgm06,
   Author = {Burkett, K. and Graham, J. and McNeney, B.},
   Title = {\pkg{hapassoc}: Software for Likelihood Inference of Trait Associations with {SNP} Haplotype and Other Attributes},
   Journal = {Journal of Statistical Software},
   Volume = {16},
   Number = {2},
   Pages = {1-19},
   Year = {2006} }

@article{clayton07,
   Author = {Clayton, D. and Leung, H. T.},
   Title = {An \proglang{R} Package for Analysis of Whole-Genome Association Studies},
   Journal = {Human Heredity},
   Volume = {64},
   Number = {1},
   Pages = {45-51},
   Year = {2007} }

@article{cz04,
   Author = {Cai, J. and Zeng, D.},
   Title = {Sample Size/Power Calculation for Case-Cohort Studies},
   Journal = {Biometrics},
   Volume = {60},
   Number = {4},
   Pages = {1015-1024},
   Year = {2004} }

@article{chow60,
   Author = {Chow, G. C.},
   Title = {Tests of Equality Between Sets of Coefficients in Two Linear Regression},
   Journal = {Econometrica},
   Volume = {28},
   Pages = {591-605},
   Year = {1960} }

@article{cordell06,
   Author = {Cordell, H. J.},
   Title = {Estimation and Testing of Genotype and Haplotype Effects in Case-Control Studies: Comparison of Weighted Regression and Multiple Imputation Procedures},
   Journal = {Genetic Epidemiology},
   Volume = {30},
   Number = {3},
   Pages = {259-275},
   Year = {2006} }

@article{dr99,
   Author = {Devlin, B. and Roeder, K.},
   Title = {Genomic Control for Association Studies},
   Journal = {Biometrics},
   Volume = {55},
   Number = {4},
   Pages = {997-1004},
   Year = {1999} }

@article{ea06,
   Author = {Elston, R. C. and Anne Spence, M.},
   Title = {Advances in Statistical Human Genetics over the Last 25 Years},
   Journal = {Statistics in Medicine},
   Volume = {25},
   Number = {18},
   Pages = {3049-3080},
   Year = {2006} }

@article{gholamic94,
   Author = {Gholami, K. and Thomas, A.},
   Title = {A Linear Time Algorithm for Calculation of Multiple Pairwise Kinship Coefficients and Genetic Index of Familiality},
   Journal = {Computers and Biomedical Research},
   Volume = {27},
   Pages = {342-350},
   Year = {1994} }

@article{gonzalez07,
   Author = {Gonzalez, J. R. and Armengol, L. and Sole, X. and Guino, E. and Mercader, J. M. and Estivill, X. and Moreno, V.},
   Title = {\pkg{SNPassoc}: An R Package to Perform Whole Genome Association Studies},
   Journal = {Bioinformatics},
   Volume = {23},
   Number = {5},
   Pages = {644-645},
   Year = {2007} }

@article{grant06,
   Author = {Grant, S. F. and Thorleifsson, G. and Reynisdottir, I. and Benediktsson, R. and Manolescu, A. and Sainz, J. and Helgason, A. and Stefansson, H. and Emilsson, V. and Helgadottir, A. and Styrkarsdottir, U. and Magnusson, K. P. and Walters, G. B. and Palsdottir, E. and Jonsdottir, T. and Gudmundsdottir, T. and Gylfason, A. and Saemundsdottir, J. and Wilensky, R. L. and Reilly, M. P. and Rader, D. J. and Bagger, Y. and Christiansen, C. and Gudnason, V. and Sigurdsson, G. and Thorsteinsdottir, U. and Gulcher, J. R. and Kong, A. and Stefansson, K.},
   Title = {Variant of Transcription Factor 7-like 2 (TCF7L2) Gene Confers Risk of Type 2 Diabetes},
   Journal = {Nature Genetics},
   Volume = {38},
   Number = {3},
   Pages = {320-323},
   Year = {2006} }

@article{Guo92,
   Author = {Guo, S. W.  and Thompson, E. A.},
   Title = {Performing the Exact Test of Hardy-Weinberg Proportion for Multiple Alleles},
   Journal = {Biometrics},
   Volume = {48},
   Pages = {361-372},
   Year = {1992} }

@article{guo00,
   Author = {Guo, S. W. and Lange, K.},
   Title = {Genetic Mapping of Complex Traits: Promises, Problems, and Prospects},
   Journal = {Theoretical Population Biology},
   Volume = {57},
   Pages = {1-11},
   Year = {2000} }

@article{guesella83,
   Author = {Gusella, J. F. and Wexler, N. S. and Conneally, P. M. and Naylor, S. L. and Anderson, M. A. and Tanzi, R. E. and Watkins, P. C. and Ottina, K. and Wallace, M. R. and Sakaguchi, A. Y. and et al.},
   Title = {A Polymorphic DNA Marker Genetically Linked to Huntington's Disease},
   Journal = {Nature},
   Volume = {306},
   Number = {5940},
   Pages = {234-238},
   Year = {1983} }

@article{hall90,
   Author = {Hall, J. M. and Lee, M. K. and Newman, B. and Morrow, J. E. and Anderson, L. A. and Huey, B. and King, M. C.},
   Title = {Linkage of Early-onset Familial Breast Cancer to Chromosome 17q21},
   Journal = {Science},
   Volume = {250},
   Number = {4988},
   Pages = {1684-1689},
   Year = {1990} }

@article{hirotsu01,
   Author = {Hirotsu, C. and Aoki, S. and Inada, T. and Kitao, Y.},
   Title = {An Exact Test for the Association Between the Disease and Alleles at Highly Polymorphic Loci with Particular Interest in the Haplotype Analysis},
   Journal = {Biometrics},
   Volume = {57},
   Pages = {769-778},
   Year = {2001} }

@article{hoffmann06,
   author = {Hoffmann, Thomas and Lange, Christoph},
   title = {\pkg{P2BAT}: a Massive Parallel Implementation of \pkg{PBAT} for Genome-Wide Association Studies in \proglang{R}},
   journal = {Bioinformatics},
   volume = {22},
   number = {24},
   pages = {3103-3105},
   year = {2006}
}

@article{ibrahim90,
   Author = {Ibrahim, J. C.},
   Title = {Incomplete Data in Generalized Linear Models},
   Journal = {Journal of the American Statistical Association},
   Volume = {85},
   Pages = {765-769},
   Year = {1990} }

@article{kerem89,
   Author = {Kerem, B.S. and Rommens, J.M. and Buchanan, J.A. and Markiewicz, D. and Cox, T.K. and Chakravarti, A. and Buchwald, M. and Tsui, L.C.},
   Title = {Identification of the Cystic-Fibrosis Gene: Genetic Analysis},
   Journal = {Science},
   Volume = {245},
   Number = {4922},
   Pages = {1073-1080},
   Year = {1989} }

@book{khoury93,
   Author = {Khoury, M. J. and Beaty, T. H. and Cohn, B. H.},
   Title = {Fundamentals of  Genetic Epidemiology},
   Publisher = {Oxford University Press},
   Year = {1993} }

@article{klein05,
   Author = {Klein, R. J. and Zeiss, C. and Chew, E. Y. and Tsai, J. Y. and Sackler, R. S. and Haynes, C. and Henning, A. K. and SanGiovanni, J. P. and Mane, S. M. and Mayne, S. T. and Bracken, M. B. and Ferris, F. L. and Ott, J. and Barnstable, C. and Hoh, J.},
   Title = {Complement Factor H Polymorphism in Age-related Macular Degeneration},
   Journal = {Science},
   Volume = {308},
   Number = {5720},
   Pages = {385-389},
   Year = {2005} }

@article{kt00,
   Author = {Kraft, Peter and Thomas, Duncan C.},
   Title = {Bias and Eficiency in Family-based Gene-Characterization Studies: Conditional, Prospective, Retrospective, and Joint Likelihoods},
   Journal = {American Journal of Human Genetics},
   Volume = {66},
   Pages = {1119-1131},
   Year = {2000} }

@article{langholz99,
   Author = {Langholz, B. and Rothman, N. and Wacholder, S. and Thomas, D. C.},
   Title = {Cohort Studies for Characterizing Measured Genes},
   Journal = {Journal of National Cancer Institute Monograph},
   Volume = {26},
   Pages = {39-42},
   Year = {1999} }

@article{Lathrop84,
   Author = {Lathrop, GM and Lalouel, JM and Julier, C and Ott, J},
   Title = {Strategies for Multilocus Linkage Analysis in Humans},
   Journal = {Proceedings of the National Academy of Science USA},
   Volume = {81},
   Pages = {3443-3446},
   Keywords = {update},
   Year = {1984} }

@article{lin06,
   Author = {Lin, D. Y.},
   Title = {Evaluating Statistical Significance in Two-stage Genomewide Association Studies},
   Journal = {American Journal of Human Genetics},
   Volume = {78},
   Number = {3},
   Pages = {505-509},
   Note = {author reply 1095-1096},
   Year = {2006} }

@article{ll97,
   Author = {Long, Anthony D. and Grote, M. N. and Langley, Charles H.},
   Title = {Genetic Analysis of Complex Traits},
   Journal = {Science},
   Volume = {275},
   Pages = {1328},
   Year = {1997} }

@article{manolio06,
   Author = {Manolio, T. A. and Bailey-Wilson, J. E. and Collins, F. S.},
   Title = {Genes, Environment and the Value of Prospective Cohort Studies},
   Journal = {Nature Reviews Genetics},
   Volume = {7},
   Number = {10},
   Pages = {812-820},
   Year = {2006} }

@article{miller97,
   Author = {Miller, M. B.},
   Title = {Genomic Scanning and the Transmission/Disequilibrium Test: Analysis of Error Rates},
   Journal = {Genetic Epidemiology},
   Volume = {14},
   Pages = {851-856},
   Year = {1997} }

@article{pp79,
   Author = {Prentice, R. L. and R. Pyke},
   Title = {Logistic Disease Incidence Models and Case-Control Studies},
   Journal = {Biometrika},
   Volume = {66},
   Pages = {403-411},
   Year = {1979} }

@Book{morton83,
   Author = {Morton, N. E. and Rao, D. C. and Lalouel, J. M.},
   Title = {Methods in Genetic Epidemiolgy},
   Publisher = {Karger},
   Year = {1983} }

@article{risch96,
   Author = {Risch, N.  and Merikangas, K.},
   Title = {The Future of Genetic Studies of Complex Human Diseases},
   Journal = {Science},
   Volume = {273},
   Month = {September},
   Pages = {1516-1517},
   Year = {1996} }

@article{risch97,
   Author = {Risch, N. and Merikangas, K.},
   Title = {Reply to Scott el al.},
   Journal = {Science},
   Volume = {275},
   Pages = {1329-1330.},
   Year = {1997} }

@book{schafer96,
   Author = {Schafer, J. L.},
   Title = {Analysis of Incomplete Multivariate Data},
   Publisher = {Chapmand and Hall},
   Series = {Monographs on Statistics and Applied Probability},
   Year = {1997} }

@article{srt02,
   Author = {Schaid, D. J. and Rowland, C. M. and Tines, D. E. and Jacobson, R. M. and Poland, G. A.},
   Title = {Score Tests for Association Between Traits and Haplotypes when Linkage Phase is Ambiguous},
   Journal = {American Journal of Human Genetics},
   Volume = {70},
   Number = {2},
   Pages = {425-434},
   Year = {2002} }

@Article{sph97,
   Author = {Scott, William K. and Pericak-Vance, Margaret A. and Haines, Jonathan L.},
   Title = {Genetic Analysis of Complex Diseases},
   Journal = {Science},
   Volume = {275},
   Pages = {1327},
   Year = 1997}

@article{sm05,
   Author = {Seaman, S. R. and Muller-Myhsok, B.},
   Title = {Rapid Simulation of $P$ Values for Product Methods and Multiple-Testing Adjustment in Association Studies},
   Journal = {American Journal of Human Genetics},
   Volume = {76},
   Number = {3},
   Pages = {399-408, author reply 514-515},
   Year = {2005} }

@article{sr04,
   Author = {Seaman, S. R. and Richardson, S.},
   Title = {Equivalence of Prospective and Retrospective Models in the Bayesian Analysis of Case-Control Studies},
   Journal = {Biometrika},
   Volume = {91},
   Number = {1},
   Pages = {15-25},
   Year = {2004} }

@article{sham97,
   Author = {Sham, P. C.},
   Title = {Transmission/Disequilibrium Tests for Multiallelic Loci},
   Journal = {American Journal of Human Genetics},
   Volume = {61},
   Pages = {774-778},
   Year = {1997} }

@book{sham98,
   Author = {Sham, P. C.},
   Title = {Statistics in Human Genetics},
   Publisher = {Edward Arnold},
   Address = {London},
   Series = {Arnold Applications of Statistics Series},
   Year = {1998} }

@article{skol06,
   Author = {Skol, A. D. and Scott, L. J. and Abecasis, G. R. and Boehnke, M.},
   Title = {Joint Analysis is More Efficient than Replication-based Analysis for Two-stage Genome-wide Association Studies},
   Journal = {Nature Genetics},
   Volume = {38},
   Number = {2},
   Pages = {209-213},
   Year = {2006} }

@article{skol07,
   Author = {Skol, A. D. and Scott, L. J. and Abecasis, G. R. and Boehnke, M.},
   Title = {Optimal Designs for Two-Stage Genome-Wide Association Studies},
   Journal = {Genetic Epidemiology},
   Volume = {31},
   Pages = {776-788},
   Year = {2007} }

@article{sorensen06,
   Author = {Sorensen, T. I. and Boutin, P. and Taylor, M. A. and Larsen, L. H. and Verdich, C. and Petersen, L. and Holst, C. and Echwald, S. M. and Dina, C. and Toubro, S. and Petersen, M. and Polak, J. and Clement, K. and Martinez, J. A. and Langin, D. and Oppert, J. M. and Stich, V. and Macdonald, I. and Arner, P. and Saris, W. H. and Pedersen, O. and Astrup, A. and Froguel, P.},
   Title = {Genetic Polymorphisms and Weight Loss in Obesity: A Randomised Trial of Hypo-Energetic High- versus Low-Fat Diets},
   Journal = {PLoS Clinical Trials},
   Volume = {1},
   Number = {2},
   Pages = {e12},
   Year = {2006} }

@article{spielman96,
   Author = {Spielman, R. S. and Ewens, W. J.},
   Title = {The {TDT} and Other Family-based Tests for Linkage Disequilibrium and Association},
   Journal = {American Journal of Human Genetics},
   Volume = {59},
   Number = {5},
   Pages = {983-989},
   Year = {1996} }

@Article{suarez78,
   Author = {Suarez, B. K.  and Rice, J. P.  and Reich, T.},
   Title = {The Generalised Sib-Pair {IBD} Distribution: Its Use in the Detection of Linkage},
   Journal = {Annals of Human Genetics},
   Volume = {42},
   Pages = {87-94},
   Year = {1978} }

@article{tcc05,
   Author = {Tan, Q. and Christiansen, L. and Christensen, K. and Bathum, L. and Li, S. and Zhao, J. H. and Kruse, T. A.},
   Title = {Haplotype Association Analysis of Human Disease Traits Using Genotype Data of Unrelated Individuals},
   Journal = {Genetical Research},
   Volume = {86},
   Pages = {223-231},
   Year = {2005} }

@book{thomas04,
   Author = {Thomas, D. C.},
   Title = {Statistical Methods in Genetic Epidemiology},
   Publisher = {Oxford University Press},
   Address = {Oxford},
   Year = {2004} }

@article{tsui85,
   Author = {Tsui, L. C. and Buchwald, M. and Barker, D. and Braman, J. C. and Knowlton, R. and Schumm, J. W. and Eiberg, H. and Mohr, J. and Kennedy, D. and Plavsic, N. and et al.},
   Title = {Cystic Fibrosis Locus Defined by a Genetically Linked Polymorphic DNA Marker},
   Journal = {Science},
   Volume = {230},
   Number = {4729},
   Pages = {1054-1057},
   Year = {1985} }

 @article{vbk99,
   Author = {van Buuren, S. and Boshuizen, H. C. and Knook, D. L.},
   Title = {Multiple Imputation of Missing Blood Pressure Covariates in Survival Analysis},
   Journal = {Statistics in Medicine},
   Volume = {18},
   Number = {6},
   Pages = {681-94},
   Year = {1999} }

@article{wacholder04,
   Author = {Wacholder, S. and Chanock, S. and Garcia-Closas, M. and El Ghormli, L. and Rothman, N.},
   Title = {Assessing the probability that a positive report is false: an approach for molecular epidemiology studies},
   Journal = {J Natl Cancer Inst},
   Volume = {96},
   Number = {6},
   Pages = {434-42},
   Year = {2004} }

@article{wakefield07,
   Author = {Wakefield, J.},
   Title = {A Bayesian measure of the probability of false discovery in genetic epidemiology studies},
   Journal = {Am J Hum Genet},
   Volume = {81},
   Pages = {208-226},
   Year = {2007} }

@ARTICLE{warnes03,
  AUTHOR = {Warnes, G. R.},
  TITLE = {The \pkg{genetics} Package},
  JOURNAL = {\proglang{R} News},
  YEAR = 2003,
  VOLUME = 3,
  NUMBER = 1,
  PAGES = {9-13},
  MONTH = {June},
  URL = {http://CRAN.R-project.org/doc/Rnews/}
}

@Article{whittemore94b,
   Author = {Whittemore, Alice S. and Halpern, Jerry},
   Title = {A Class of Tests for Linkage Using Affected Pedigree Members},
   Journal = {Biometrics},
   Volume = 50,
   Pages = {118-127},
   Year = 1994}

@article{yz02,
   Author = {Yu, C. and Zelterman, D.},
   Title = {Statistical Inference for Familial Disease Clusters},
   Journal = {Biometrics},
   Volume = {58},
   Number = {3},
   Pages = {481-491},
   Year = {2002} }

@article{zapata01,
   Author = {Zapata, C. and Carllos, C. and Rodriguez, S.},
   Title = {Sampling Variance and Distribution of the $D'$ Measure of Overall Gametic Disequilibrium Between Multiallelic Loci},
   Journal = {Annals of Human Genetics},
   Volume = {65},
   Pages = {395-406},
   Year = {2001} }

@article{wcn92,
   Author = {Williams, C. J. and Christian, J. C. and Norton, J. A..},
   Title = {\pkg{TWINAN90}: A \proglang{Fortran} Program for Conducting ANOVA-based and Likelihood-based Analyses of Twin Data},
   Journal = {Computer Methods and Programs in Biomedicine},
   Volume = {38},
   Number = {2-3},
   Pages = {167-176},
   Year = {1992} }

@article{zaykin02,
   Author = {Zaykin, D. V. and Westfall, P. H. and Young, S. S. and Karnoub, M. A. and Wagner, M. J. and Ehm, M. G.},
   Title = {Testing Association of Statistically Inferred Haplotypes with Discrete and Continuous Traits in Samples of Unrelated Individuals},
   Journal = {Human Heredity},
   Volume = {53},
   Number = {2},
   Pages = {79-91},
   Year = {2002} }

@article{zhao99,
   Author = {Zhao, J. H. and Sham, P. C. and Curtis, D.},
   Title = {A Program for the {M}onte {C}arlo Evaluation of Significance of the Extended Transmission/Disequilibrium Test},
   Journal = {American Journal of Human Genetics},
   Volume = {64},
   Pages = {1484-1485},
   Year = {1999} }

@article{zhao02,
   Author = {Zhao, J. H. and Lissarrague, S. and Essioux, L. and Sham, P. C.},
   Title = {\pkg{GENECOUNTING}: Haplotype Analysis with Missing Genotypes},
   Journal = {Bioinformatics},
   Volume = {18},
   Number = {12},
   Pages = {1694-1695},
   Year = {2002} }

@article{zhao03,
   Author = {Zhao, J. H. and Sham, P. C.},
   Title = {Generic Number Systems and Haplotype Analysis},
   Journal = {Computer Methods and Programs in Biomedicine},
   Volume = {70},
   Pages = {1-9},
   Year = {2003} }

@article{zhao04,
   Author = {Zhao, J. H.},
   Title = {\pkg{2LD}. \pkg{GENECOUNTING} and \pkg{HAP}: Computer Programs for Linkage Disequilibrium Analysis},
   Journal = {Bioinformatics},
   Volume = {20},
   Pages = {1325-1326},
   Year = {2004} }

@article{zhao05,
   Author = {Zhao, J. H.},
   Title = {Mixed-Effects {C}ox Models of Alcohol Dependence in Extended Families},
   Journal = {BMC Genetics},
   Volume = {6},
   Pages = {S127},
   Year = {2005} }

@article{zhao06,
   Author = {Zhao, J. H.},
   Title = {Drawing Pedigree Diagrams with \proglang{R} and \pkg{Graphviz}},
   Journal = {\proglang{R} News},
   Volume = {6},
   Number = {2},
   Pages = {38-41},
   Year = {2006},
   url = {http://CRAN.R-project.org/doc/Rnews/} }

@article{zt06a,
   Author = {Zhao, J. H. and Tan, Q.},
   Title = {Integrated Analysis of Genetic Data with \proglang{R}},
   Journal = {Human Genomics},
   Volume = {2},
   Number = {4},
   Pages = {258-65},
   Year = {2006} }

@article{zt06b,
   Author = {Zhao, J. H. and Tan, Q.},
   Title = {Genetic Dissection of Complex Traits {\em in Silico}: Approaches, Problems and Solutions},
   Journal = {Current Bioinformatics},
   Volume = {1},
   Number = {3},
   Pages = {359-369},
   Year = {2006} }

@inproceedings{zhao07,
   Author = {Zhao, J. H. and Luan, J. A. and Tan, Q. and Loos, R. and Wareham, N.},
   Title = {Analysis of Large Genomic Data {\em in Silico}: The EPIC-Norfolk Study of Obesity},
   BookTitle = {Communications in Computer and Information Science (CCIS)},
   Editor = {Huang, D.-S. and Heutte, L. and Loog, M.},
   Volume = {2},
   Pages = {781-790}, 
   Publisher = {Springer-Verlag},
   Address = {Berlin Heidelberg},
   Year = {2007} }
