@article{chow60,
   Author = {Chow, G. C.},
   Title = {Tests of equality between sets of coefficients in two linear regression},
   Journal = {Econometrica},
   Volume = {28},
   Pages = {591-605},
   Year = {1960} }

@article{devlin99,
   Author = {Devlin, B. and Roeder, K.},
   Title = {Genomic control for association studies},
   Journal = {Biometrics},
   Volume = {55},
   Number = {4},
   Pages = {997-1004},
   Year = {1999} }

@article{elston75,
   Author = {Elston, R. C.},
   Title = {On the correlation between correlations},
   Journal = {Biometrika},
   Volume = {62},
   Pages = {133-140},
   Year = {1975} }

@article{gholamic94,
   Author = {Gholamic, K. and Thomas, A.},
   Title = {A linear time algorithm for calculation of multiple pairwise kinship coefficients and genetic index of familiality},
   Journal = {Comp Biomed Res},
   Volume = {27},
   Pages = {342-350},
   Year = {1994} }

@article{Guo92,
   Author = {Guo, S. W.  and Thompson, E. A.},
   Title = {Performing the exact test of Hardy-Weinberg proportion for multiple alleles},
   Journal = {Biometrics},
   Volume = {48},
   Pages = {361-372},
   Year = {1992} }

@article{guo00,
   Author = {Guo, S. W. and Lange, K.},
   Title = {Genetic mapping of complex traits: promises, problems, and prospects},
   Journal = {Theor Popul Biol},
   Volume = {57},
   Pages = {1-11},
   Year = {2000} }

@book{hartung08,
   Author = {Hartung, J. and Knapp, G. and Sinha, B. K.},
   Title = {Statistical Meta-analysis with Applications},
   Publisher = {Wiley},
   Year = {2008} }

@article{hirotsu01,
   Author = {Hirotsu, C. and Aoki, S. and Inada, T. and Kitao, Y.},
   Title = {An exact test for the association between the disease and alleles at highly polymorphic loci with particular interest in the haplotype analysis},
   Journal = {Biometrics},
   Volume = {57},
   Pages = {769-778},
   Year = {2001} }

@article{miller97,
   Author = {Miller, M. B.},
   Title = {Genomic scanning and the transmission/disequilibrium test: analysis of error rates},
   Journal = {Genet Epidemiol},
   Volume = {14},
   Pages = {851-856},
   Year = {1997} }

@article{risch96,
   Author = {Risch, N.  and Merikangas, K.},
   Title = {The future of genetic studies of complex human diseases},
   Journal = {Science},
   Volume = {273},
   Number = {September},
   Pages = {1516-1517},
   Year = {1996} }

@article{risch97,
   Author = {Risch, N. and Merikangas, K.},
   Title = {Reply to Scott el al.},
   Journal = {Science},
   Volume = {275},
   Pages = {1329-1330.},
   Year = {1997} }

@article{sham97,
   Author = {Sham, P. C.},
   Title = {Transmission/disequilibrium tests for multiallelic loci},
   Journal = {Am J Hum Genet},
   Volume = {61},
   Pages = {774-778},
   Year = {1997} }

@book{sham98,
   Author = {Sham, P. C.},
   Title = {Statistics in Human Genetics},
   Publisher = {Edward Arnold},
   Address = {London},
   Series = {Arnold Applications of Statistics Series},
   Note = {11-1-1999},
   Year = {1998} }
              
@article{skol06,
   Author = {Skol, A. D. and Scott, L. J. and Abecasis, G. R. and Boehnke, M.},
   Title = {Joint analysis is more efficient than replication-based analysis for two-stage genome-wide association studies},
   Journal = {Nat Genet},
   Volume = {38},
   Number = {2},
   Pages = {209-13},
   Year = {2006} }

@article{spielman96,
   Author = {Spielman, R. S. and Ewens, W. J.},
   Title = {The {TDT} and other family-based tests for linkage disequilibrium and association},
   Journal = {Am J Hum Genet},
   Volume = {59},
   Number = {5},
   Pages = {983-9},
   Year = {1996} }

@article{wacholder04,
   Author = {Wacholder, S. and Chanock, S. and Garcia-Closas, M. and El Ghormli, L. and Rothman, N.},
   Title = {Assessing the probability that a positive report is false: an approach for molecular epidemiology studies},
   Journal = {J Natl Cancer Inst},
   Volume = {96},
   Number = {6},
   Pages = {434-42},
   Year = {2004} }

@article{wakefield07,
   Author = {Wakefield, J.},
   Title = {A Bayesian measure of the probability of false discovery in genetic epidemiology studies},
   Journal = {Am J Hum Genet},
   Volume = {81},
   Pages = {208-226},
   Year = {2007} }

@article{wang05,
   Author = {Wang, K.},
   Title = {A likelihood approach for quantitative-trait-locus mapping with selected pedigrees},
   Journal = {Biometrics},
   Volume = {61},
   Pages = {465-473},
   Year = {2005} }

@article{wcn92,
   Author = {Williams, C. J. and Christian, J. C. and Norton, J.A. Jr.},
   Title = {TWINAN90: A FORTRAN programfor conducting ANOVA-based and likelihood-based analyses of twin data},
   Journal = {Comp Meth Prog Biomed},
   Volume = {38},
   Number = {2-3},
   Pages = {167-76},
   Year = {1992} }

@article{zapata01,
   Author = {Zapata, C. and Carllos, C. and Rodriguez, S.},
   Title = {Sampling variance and distribution of the the D' measure of overall gametic disequilibrium between multiallelic loci},
   Journal = {Ann Hum Genet},
   Volume = {65},
   Pages = {395-406},
   Year = {2001} }

@article{zaykin02,
   Author = {Zaykin, D. V. and Westfall, P. H. and Young, S. S. and Karnoub, M. A. and Wagner, M. J. and Ehm, M. G.},
   Title = {Testing association of statistically inferred haplotypes with discrete and continuous traits in samples of unrelated individuals},
   Journal = {Hum Hered},
   Volume = {53},
   Number = {2},
   Pages = {79-91},
   Year = {2002} }

@article{zhao99,
   Author = {Zhao, J. H. and Sham, P. C. and Curtis, D.},
   Title = {A program for the {M}onte {C}arlo evaluation of significance of the extended transmission/disequilibrium test},
   Journal = {Am J Hum Genet},
   Volume = {64},
   Pages = {1484-1485},
   Year = {1999} }

@article{zhao02,
   Author = {Zhao, J. H. and Lissarrague, S. and Essioux, L. and Sham, P. C.},
   Title = {{GENECOUNTING}: haplotype analysis with missing genotypes},
   Journal = {Bioinformatics},
   Volume = {18},
   Number = {12},
   Pages = {1694-5},
   Year = {2002} }

@article{zhao03,
   Author = {Zhao, J. H. and Sham, P. C.},
   Title = {Generic number systems and haplotype analysis},
   Journal = {Comp Meth Prog Biomed},
   Volume = {70},
   Pages = {1-9},
   Year = {2003} }

@article{zhao04,
   Author = {Zhao, J. H.},
   Title = {{2LD}. {GENECOUNTING} and {HAP}: computer programs for linkage disequilibrium analysis},
   Journal = {Bioinformatics},
   Volume = {20},
   Pages = {1325-6},
   Year = {2004} }

@article{zhao05,
   Author = {Zhao, J. H.},
   Title = {Mixed-effects {C}ox models of alcohol dependence in extended families},
   Journal = {BMC Genet},
   Volume = {6},
   Number = {Suppl},
   Pages = {S127},
   Year = {2005} }

@article{zhao06,
   Author = {Zhao, J. H.},
   Title = {Pedigree-drawing with {R} and graphviz},
   Journal = {Bioinformatics},
   Volume = {22},
   Number = {8},
   Pages = {1013-4},
   Year = {2006} }

@article{zt06a,
   Author = {Zhao, J. H. and Tan, Q.},
   Title = {Integrated analysis of genetic data with {R}},
   Journal = {Hum Genomics},
   Volume = {2},
   Number = {4},
   Pages = {258-65},
   Year = {2006} }

@article{zt06b,
   Author = {Zhao, J. H. and Tan, Q.},
   Title = {Genetic dissection of complex traits in silico: approaches, problems and soluations},
   Journal = {Current Bioinformatics},
   Volume = {1},
   Number = {3},
   Pages = {359-369},
   Year = {2006} }

@article{zhao07,
   Author = {Zhao, J. H.},
   Title = {gap: genetic analysis package},
   Journal = {Journal of Statistical Software},
   Volume = {23},
   Number = {8},
   Pages = {1-18},
   Year = {2007} }
